%YAML 1.1
%TAG !u! tag:unity3d.com,2011:
--- !u!114 &2209538597493560453
MonoBehaviour:
  m_ObjectHideFlags: 0
  m_CorrespondingSourceObject: {fileID: 0}
  m_PrefabInstance: {fileID: 0}
  m_PrefabAsset: {fileID: 0}
  m_GameObject: {fileID: 622121473055098484}
  m_Enabled: 1
  m_EditorHideFlags: 0
  m_Script: {fileID: 11500000, guid: 306cc8c2b49d7114eaa3623786fc2126, type: 3}
  m_Name: 
  m_EditorClassIdentifier: 
  m_IgnoreLayout: 0
  m_MinWidth: -1
  m_MinHeight: -1
  m_PreferredWidth: -1
  m_PreferredHeight: 50
  m_FlexibleWidth: -1
  m_FlexibleHeight: -1
  m_LayoutPriority: 1
--- !u!1 &3908911750998491370
GameObject:
  m_ObjectHideFlags: 0
  m_CorrespondingSourceObject: {fileID: 0}
  m_PrefabInstance: {fileID: 0}
  m_PrefabAsset: {fileID: 0}
  serializedVersion: 6
  m_Component:
  - component: {fileID: 3908911750998491373}
  - component: {fileID: 3908911750998491372}
  m_Layer: 5
  m_Name: Image Field
  m_TagString: Untagged
  m_Icon: {fileID: 0}
  m_NavMeshLayer: 0
  m_StaticEditorFlags: 0
  m_IsActive: 1
--- !u!224 &3908911750998491373
RectTransform:
  m_ObjectHideFlags: 0
  m_CorrespondingSourceObject: {fileID: 0}
  m_PrefabInstance: {fileID: 0}
  m_PrefabAsset: {fileID: 0}
  m_GameObject: {fileID: 3908911750998491370}
  m_LocalRotation: {x: -0, y: -0, z: -0, w: 1}
  m_LocalPosition: {x: 0, y: 0, z: 0}
  m_LocalScale: {x: 1, y: 1, z: 1}
  m_ConstrainProportionsScale: 0
  m_Children:
  - {fileID: 4458390176842607489}
  - {fileID: 2733438327002466350}
  m_Father: {fileID: 0}
  m_RootOrder: 0
  m_LocalEulerAnglesHint: {x: 0, y: 0, z: 0}
  m_AnchorMin: {x: 0, y: 0}
  m_AnchorMax: {x: 0, y: 0}
  m_AnchoredPosition: {x: 0, y: 0}
  m_SizeDelta: {x: 100, y: 104}
  m_Pivot: {x: 0.5, y: 0.5}
--- !u!114 &3908911750998491372
MonoBehaviour:
  m_ObjectHideFlags: 0
  m_CorrespondingSourceObject: {fileID: 0}
  m_PrefabInstance: {fileID: 0}
  m_PrefabAsset: {fileID: 0}
  m_GameObject: {fileID: 3908911750998491370}
  m_Enabled: 1
  m_EditorHideFlags: 0
  m_Script: {fileID: 11500000, guid: 10b550bcff1a9c147814a3ee345b74c4, type: 3}
  m_Name: 
  m_EditorClassIdentifier: 
  trs: {fileID: 3908911750998491373}
  prefabIndex: 2
  selectables:
  - {fileID: 7911750253241368350}
  - {fileID: 215630846908883995}
  rawImage: {fileID: 2577725300376126550}
  pathInputField: {fileID: 5035535420780595935}
  rawImageTrs: {fileID: 2733438327002466350}
--- !u!114 &9116716454491037473
MonoBehaviour:
  m_ObjectHideFlags: 0
  m_CorrespondingSourceObject: {fileID: 0}
  m_PrefabInstance: {fileID: 0}
  m_PrefabAsset: {fileID: 0}
  m_GameObject: {fileID: 5035535420780595921}
  m_Enabled: 1
  m_EditorHideFlags: 0
  m_Script: {fileID: 11500000, guid: 306cc8c2b49d7114eaa3623786fc2126, type: 3}
  m_Name: 
  m_EditorClassIdentifier: 
  m_IgnoreLayout: 0
  m_MinWidth: -1
  m_MinHeight: -1
  m_PreferredWidth: -1
  m_PreferredHeight: 50
  m_FlexibleWidth: -1
  m_FlexibleHeight: -1
  m_LayoutPriority: 1
--- !u!114 &5833851331904626219
MonoBehaviour:
  m_ObjectHideFlags: 0
  m_CorrespondingSourceObject: {fileID: 0}
  m_PrefabInstance: {fileID: 0}
  m_PrefabAsset: {fileID: 0}
  m_GameObject: {fileID: 7338156884699242225}
  m_Enabled: 1
  m_EditorHideFlags: 0
  m_Script: {fileID: 11500000, guid: 3245ec927659c4140ac4f8d17403cc18, type: 3}
  m_Name: 
  m_EditorClassIdentifier: 
  m_HorizontalFit: 0
  m_VerticalFit: 2
--- !u!1 &7953459905190706185
GameObject:
  m_ObjectHideFlags: 0
  m_CorrespondingSourceObject: {fileID: 0}
  m_PrefabInstance: {fileID: 0}
  m_PrefabAsset: {fileID: 0}
  serializedVersion: 6
  m_Component:
  - component: {fileID: 2733438327002466350}
  - component: {fileID: 1704954787227803772}
  - component: {fileID: 2577725300376126550}
  m_Layer: 5
  m_Name: Raw Image
  m_TagString: Untagged
  m_Icon: {fileID: 0}
  m_NavMeshLayer: 0
  m_StaticEditorFlags: 0
  m_IsActive: 1
--- !u!224 &2733438327002466350
RectTransform:
  m_ObjectHideFlags: 0
  m_CorrespondingSourceObject: {fileID: 0}
  m_PrefabInstance: {fileID: 0}
  m_PrefabAsset: {fileID: 0}
  m_GameObject: {fileID: 7953459905190706185}
  m_LocalRotation: {x: 0, y: 0, z: 0, w: 1}
  m_LocalPosition: {x: 0, y: 0, z: 0}
  m_LocalScale: {x: 1, y: 1, z: 1}
  m_ConstrainProportionsScale: 0
  m_Children: []
  m_Father: {fileID: 3908911750998491373}
  m_RootOrder: 1
  m_LocalEulerAnglesHint: {x: 0, y: 0, z: 0}
  m_AnchorMin: {x: 0.5, y: 0.5}
  m_AnchorMax: {x: 0.5, y: 0.5}
  m_AnchoredPosition: {x: 104, y: 0}
  m_SizeDelta: {x: 100, y: 100}
  m_Pivot: {x: 0.5, y: 0.5}
--- !u!222 &1704954787227803772
CanvasRenderer:
  m_ObjectHideFlags: 0
  m_CorrespondingSourceObject: {fileID: 0}
  m_PrefabInstance: {fileID: 0}
  m_PrefabAsset: {fileID: 0}
  m_GameObject: {fileID: 7953459905190706185}
  m_CullTransparentMesh: 1
--- !u!114 &2577725300376126550
MonoBehaviour:
  m_ObjectHideFlags: 0
  m_CorrespondingSourceObject: {fileID: 0}
  m_PrefabInstance: {fileID: 0}
  m_PrefabAsset: {fileID: 0}
  m_GameObject: {fileID: 7953459905190706185}
  m_Enabled: 1
  m_EditorHideFlags: 0
  m_Script: {fileID: 11500000, guid: 1344c3c82d62a2a41a3576d8abb8e3ea, type: 3}
  m_Name: 
  m_EditorClassIdentifier: 
  m_Material: {fileID: 0}
  m_Color: {r: 1, g: 1, b: 1, a: 1}
  m_RaycastTarget: 1
  m_RaycastPadding: {x: 0, y: 0, z: 0, w: 0}
  m_Maskable: 1
  m_OnCullStateChanged:
    m_PersistentCalls:
      m_Calls: []
  m_Texture: {fileID: 0}
  m_UVRect:
    serializedVersion: 2
    x: 0
    y: 0
    width: 1
    height: 1
--- !u!1001 &700952188597963115
PrefabInstance:
  m_ObjectHideFlags: 0
  serializedVersion: 2
  m_Modification:
    m_TransformParent: {fileID: 4458390176842607489}
    m_Modifications:
    - target: {fileID: 5502159062808937396, guid: 6359372c7b9da05c1ad0098d20d423d4, type: 3}
      propertyPath: m_OnValueChanged.m_PersistentCalls.m_Calls.Array.size
      value: 1
      objectReference: {fileID: 0}
    - target: {fileID: 5502159062808937396, guid: 6359372c7b9da05c1ad0098d20d423d4, type: 3}
      propertyPath: m_OnValueChanged.m_PersistentCalls.m_Calls.Array.data[0].m_Mode
      value: 1
      objectReference: {fileID: 0}
    - target: {fileID: 5502159062808937396, guid: 6359372c7b9da05c1ad0098d20d423d4, type: 3}
      propertyPath: m_OnValueChanged.m_PersistentCalls.m_Calls.Array.data[1].m_Mode
      value: 1
      objectReference: {fileID: 0}
    - target: {fileID: 5502159062808937396, guid: 6359372c7b9da05c1ad0098d20d423d4, type: 3}
      propertyPath: m_OnValueChanged.m_PersistentCalls.m_Calls.Array.data[0].m_Target
      value: 
      objectReference: {fileID: 3908911750998491372}
    - target: {fileID: 5502159062808937396, guid: 6359372c7b9da05c1ad0098d20d423d4, type: 3}
      propertyPath: m_OnValueChanged.m_PersistentCalls.m_Calls.Array.data[1].m_Target
      value: 
      objectReference: {fileID: 0}
    - target: {fileID: 5502159062808937396, guid: 6359372c7b9da05c1ad0098d20d423d4, type: 3}
      propertyPath: m_OnValueChanged.m_PersistentCalls.m_Calls.Array.data[0].m_CallState
      value: 2
      objectReference: {fileID: 0}
    - target: {fileID: 5502159062808937396, guid: 6359372c7b9da05c1ad0098d20d423d4, type: 3}
      propertyPath: m_OnValueChanged.m_PersistentCalls.m_Calls.Array.data[1].m_CallState
      value: 2
      objectReference: {fileID: 0}
    - target: {fileID: 5502159062808937396, guid: 6359372c7b9da05c1ad0098d20d423d4, type: 3}
      propertyPath: m_OnValueChanged.m_PersistentCalls.m_Calls.Array.data[0].m_MethodName
      value: SetImagePathOfData
      objectReference: {fileID: 0}
    - target: {fileID: 5502159062808937396, guid: 6359372c7b9da05c1ad0098d20d423d4, type: 3}
      propertyPath: m_OnValueChanged.m_PersistentCalls.m_Calls.Array.data[1].m_MethodName
      value: 
      objectReference: {fileID: 0}
    - target: {fileID: 5502159062808937396, guid: 6359372c7b9da05c1ad0098d20d423d4, type: 3}
      propertyPath: m_OnValueChanged.m_PersistentCalls.m_Calls.Array.data[0].m_TargetAssemblyTypeName
      value: CardCreator.ImageField, Assembly-CSharp-firstpass
      objectReference: {fileID: 0}
    - target: {fileID: 5502159062808937396, guid: 6359372c7b9da05c1ad0098d20d423d4, type: 3}
      propertyPath: m_OnValueChanged.m_PersistentCalls.m_Calls.Array.data[1].m_TargetAssemblyTypeName
      value: CardCreator.ImageField, Assembly-CSharp-firstpass
      objectReference: {fileID: 0}
    - target: {fileID: 5502159062808937396, guid: 6359372c7b9da05c1ad0098d20d423d4, type: 3}
      propertyPath: m_OnValueChanged.m_PersistentCalls.m_Calls.Array.data[0].m_Arguments.m_ObjectArgumentAssemblyTypeName
      value: UnityEngine.Object, UnityEngine
      objectReference: {fileID: 0}
    - target: {fileID: 5502159062808937396, guid: 6359372c7b9da05c1ad0098d20d423d4, type: 3}
      propertyPath: m_OnValueChanged.m_PersistentCalls.m_Calls.Array.data[1].m_Arguments.m_ObjectArgumentAssemblyTypeName
      value: 
      objectReference: {fileID: 0}
    - target: {fileID: 5502159062808937402, guid: 6359372c7b9da05c1ad0098d20d423d4, type: 3}
      propertyPath: m_Name
      value: Input Field
      objectReference: {fileID: 0}
    - target: {fileID: 5502159062808937403, guid: 6359372c7b9da05c1ad0098d20d423d4, type: 3}
      propertyPath: m_Pivot.x
      value: 0.5
      objectReference: {fileID: 0}
    - target: {fileID: 5502159062808937403, guid: 6359372c7b9da05c1ad0098d20d423d4, type: 3}
      propertyPath: m_Pivot.y
      value: 0.5
      objectReference: {fileID: 0}
    - target: {fileID: 5502159062808937403, guid: 6359372c7b9da05c1ad0098d20d423d4, type: 3}
      propertyPath: m_RootOrder
      value: 0
      objectReference: {fileID: 0}
    - target: {fileID: 5502159062808937403, guid: 6359372c7b9da05c1ad0098d20d423d4, type: 3}
      propertyPath: m_AnchorMax.x
      value: 0
      objectReference: {fileID: 0}
    - target: {fileID: 5502159062808937403, guid: 6359372c7b9da05c1ad0098d20d423d4, type: 3}
      propertyPath: m_AnchorMax.y
      value: 0
      objectReference: {fileID: 0}
    - target: {fileID: 5502159062808937403, guid: 6359372c7b9da05c1ad0098d20d423d4, type: 3}
      propertyPath: m_AnchorMin.x
      value: 0
      objectReference: {fileID: 0}
    - target: {fileID: 5502159062808937403, guid: 6359372c7b9da05c1ad0098d20d423d4, type: 3}
      propertyPath: m_AnchorMin.y
      value: 0
      objectReference: {fileID: 0}
    - target: {fileID: 5502159062808937403, guid: 6359372c7b9da05c1ad0098d20d423d4, type: 3}
      propertyPath: m_SizeDelta.x
      value: 0
      objectReference: {fileID: 0}
    - target: {fileID: 5502159062808937403, guid: 6359372c7b9da05c1ad0098d20d423d4, type: 3}
      propertyPath: m_SizeDelta.y
      value: 0
      objectReference: {fileID: 0}
    - target: {fileID: 5502159062808937403, guid: 6359372c7b9da05c1ad0098d20d423d4, type: 3}
      propertyPath: m_LocalPosition.x
      value: 0
      objectReference: {fileID: 0}
    - target: {fileID: 5502159062808937403, guid: 6359372c7b9da05c1ad0098d20d423d4, type: 3}
      propertyPath: m_LocalPosition.y
      value: 0
      objectReference: {fileID: 0}
    - target: {fileID: 5502159062808937403, guid: 6359372c7b9da05c1ad0098d20d423d4, type: 3}
      propertyPath: m_LocalPosition.z
      value: 0
      objectReference: {fileID: 0}
    - target: {fileID: 5502159062808937403, guid: 6359372c7b9da05c1ad0098d20d423d4, type: 3}
      propertyPath: m_LocalRotation.w
      value: 1
      objectReference: {fileID: 0}
    - target: {fileID: 5502159062808937403, guid: 6359372c7b9da05c1ad0098d20d423d4, type: 3}
      propertyPath: m_LocalRotation.x
      value: 0
      objectReference: {fileID: 0}
    - target: {fileID: 5502159062808937403, guid: 6359372c7b9da05c1ad0098d20d423d4, type: 3}
      propertyPath: m_LocalRotation.y
      value: 0
      objectReference: {fileID: 0}
    - target: {fileID: 5502159062808937403, guid: 6359372c7b9da05c1ad0098d20d423d4, type: 3}
      propertyPath: m_LocalRotation.z
      value: 0
      objectReference: {fileID: 0}
    - target: {fileID: 5502159062808937403, guid: 6359372c7b9da05c1ad0098d20d423d4, type: 3}
      propertyPath: m_AnchoredPosition.x
      value: 0
      objectReference: {fileID: 0}
    - target: {fileID: 5502159062808937403, guid: 6359372c7b9da05c1ad0098d20d423d4, type: 3}
      propertyPath: m_AnchoredPosition.y
      value: 0
      objectReference: {fileID: 0}
    - target: {fileID: 5502159062808937403, guid: 6359372c7b9da05c1ad0098d20d423d4, type: 3}
      propertyPath: m_LocalEulerAnglesHint.x
      value: 0
      objectReference: {fileID: 0}
    - target: {fileID: 5502159062808937403, guid: 6359372c7b9da05c1ad0098d20d423d4, type: 3}
      propertyPath: m_LocalEulerAnglesHint.y
      value: 0
      objectReference: {fileID: 0}
    - target: {fileID: 5502159062808937403, guid: 6359372c7b9da05c1ad0098d20d423d4, type: 3}
      propertyPath: m_LocalEulerAnglesHint.z
      value: 0
      objectReference: {fileID: 0}
    - target: {fileID: 5502159063458501199, guid: 6359372c7b9da05c1ad0098d20d423d4, type: 3}
      propertyPath: m_Padding.y
      value: -5
      objectReference: {fileID: 0}
    - target: {fileID: 5502159064136940813, guid: 6359372c7b9da05c1ad0098d20d423d4, type: 3}
      propertyPath: m_text
      value: Enter image path...
      objectReference: {fileID: 0}
    m_RemovedComponents: []
  m_SourcePrefab: {fileID: 100100000, guid: 6359372c7b9da05c1ad0098d20d423d4, type: 3}
--- !u!1 &5035535420780595921 stripped
GameObject:
  m_CorrespondingSourceObject: {fileID: 5502159062808937402, guid: 6359372c7b9da05c1ad0098d20d423d4, type: 3}
  m_PrefabInstance: {fileID: 700952188597963115}
  m_PrefabAsset: {fileID: 0}
--- !u!114 &5035535420780595935 stripped
MonoBehaviour:
  m_CorrespondingSourceObject: {fileID: 5502159062808937396, guid: 6359372c7b9da05c1ad0098d20d423d4, type: 3}
  m_PrefabInstance: {fileID: 700952188597963115}
  m_PrefabAsset: {fileID: 0}
  m_GameObject: {fileID: 5035535420780595921}
  m_Enabled: 1
  m_EditorHideFlags: 0
  m_Script: {fileID: 11500000, guid: 2da0c512f12947e489f739169773d7ca, type: 3}
  m_Name: 
  m_EditorClassIdentifier: 
--- !u!114 &7911750253241368350 stripped
MonoBehaviour:
  m_CorrespondingSourceObject: {fileID: 7239086300671047285, guid: 6359372c7b9da05c1ad0098d20d423d4, type: 3}
  m_PrefabInstance: {fileID: 700952188597963115}
  m_PrefabAsset: {fileID: 0}
  m_GameObject: {fileID: 5035535420780595921}
  m_Enabled: 1
  m_EditorHideFlags: 0
  m_Script: {fileID: 11500000, guid: 190dc38debf950af8b3987d9bddee56a, type: 3}
  m_Name: 
  m_EditorClassIdentifier: 
--- !u!1001 &3027260127096822838
PrefabInstance:
  m_ObjectHideFlags: 0
  serializedVersion: 2
  m_Modification:
    m_TransformParent: {fileID: 3908911750998491373}
    m_Modifications:
    - target: {fileID: 1719705684561639351, guid: f08325877266b24ddb9ec92729c5a844, type: 3}
      propertyPath: m_Pivot.x
      value: 0.5
      objectReference: {fileID: 0}
    - target: {fileID: 1719705684561639351, guid: f08325877266b24ddb9ec92729c5a844, type: 3}
      propertyPath: m_Pivot.y
      value: 0.5
      objectReference: {fileID: 0}
    - target: {fileID: 1719705684561639351, guid: f08325877266b24ddb9ec92729c5a844, type: 3}
      propertyPath: m_RootOrder
      value: 0
      objectReference: {fileID: 0}
    - target: {fileID: 1719705684561639351, guid: f08325877266b24ddb9ec92729c5a844, type: 3}
      propertyPath: m_AnchorMax.x
      value: 0.5
      objectReference: {fileID: 0}
    - target: {fileID: 1719705684561639351, guid: f08325877266b24ddb9ec92729c5a844, type: 3}
      propertyPath: m_AnchorMax.y
      value: 0.5
      objectReference: {fileID: 0}
    - target: {fileID: 1719705684561639351, guid: f08325877266b24ddb9ec92729c5a844, type: 3}
      propertyPath: m_AnchorMin.x
      value: 0.5
      objectReference: {fileID: 0}
    - target: {fileID: 1719705684561639351, guid: f08325877266b24ddb9ec92729c5a844, type: 3}
      propertyPath: m_AnchorMin.y
      value: 0.5
      objectReference: {fileID: 0}
    - target: {fileID: 1719705684561639351, guid: f08325877266b24ddb9ec92729c5a844, type: 3}
      propertyPath: m_SizeDelta.x
      value: 100
      objectReference: {fileID: 0}
    - target: {fileID: 1719705684561639351, guid: f08325877266b24ddb9ec92729c5a844, type: 3}
      propertyPath: m_SizeDelta.y
      value: 0
      objectReference: {fileID: 0}
    - target: {fileID: 1719705684561639351, guid: f08325877266b24ddb9ec92729c5a844, type: 3}
      propertyPath: m_LocalPosition.x
      value: 0
      objectReference: {fileID: 0}
    - target: {fileID: 1719705684561639351, guid: f08325877266b24ddb9ec92729c5a844, type: 3}
      propertyPath: m_LocalPosition.y
      value: 0
      objectReference: {fileID: 0}
    - target: {fileID: 1719705684561639351, guid: f08325877266b24ddb9ec92729c5a844, type: 3}
      propertyPath: m_LocalPosition.z
      value: 0
      objectReference: {fileID: 0}
    - target: {fileID: 1719705684561639351, guid: f08325877266b24ddb9ec92729c5a844, type: 3}
      propertyPath: m_LocalRotation.w
      value: 1
      objectReference: {fileID: 0}
    - target: {fileID: 1719705684561639351, guid: f08325877266b24ddb9ec92729c5a844, type: 3}
      propertyPath: m_LocalRotation.x
      value: -0
      objectReference: {fileID: 0}
    - target: {fileID: 1719705684561639351, guid: f08325877266b24ddb9ec92729c5a844, type: 3}
      propertyPath: m_LocalRotation.y
      value: -0
      objectReference: {fileID: 0}
    - target: {fileID: 1719705684561639351, guid: f08325877266b24ddb9ec92729c5a844, type: 3}
      propertyPath: m_LocalRotation.z
      value: -0
      objectReference: {fileID: 0}
    - target: {fileID: 1719705684561639351, guid: f08325877266b24ddb9ec92729c5a844, type: 3}
      propertyPath: m_AnchoredPosition.x
      value: 0
      objectReference: {fileID: 0}
    - target: {fileID: 1719705684561639351, guid: f08325877266b24ddb9ec92729c5a844, type: 3}
      propertyPath: m_AnchoredPosition.y
      value: 0
      objectReference: {fileID: 0}
    - target: {fileID: 1719705684561639351, guid: f08325877266b24ddb9ec92729c5a844, type: 3}
      propertyPath: m_LocalEulerAnglesHint.x
      value: 0
      objectReference: {fileID: 0}
    - target: {fileID: 1719705684561639351, guid: f08325877266b24ddb9ec92729c5a844, type: 3}
      propertyPath: m_LocalEulerAnglesHint.y
      value: 0
      objectReference: {fileID: 0}
    - target: {fileID: 1719705684561639351, guid: f08325877266b24ddb9ec92729c5a844, type: 3}
      propertyPath: m_LocalEulerAnglesHint.z
      value: 0
      objectReference: {fileID: 0}
    - target: {fileID: 5752402691986457287, guid: f08325877266b24ddb9ec92729c5a844, type: 3}
      propertyPath: m_Name
      value: Vertical Layout Group
      objectReference: {fileID: 0}
    m_RemovedComponents: []
  m_SourcePrefab: {fileID: 100100000, guid: f08325877266b24ddb9ec92729c5a844, type: 3}
--- !u!224 &4458390176842607489 stripped
RectTransform:
  m_CorrespondingSourceObject: {fileID: 1719705684561639351, guid: f08325877266b24ddb9ec92729c5a844, type: 3}
  m_PrefabInstance: {fileID: 3027260127096822838}
  m_PrefabAsset: {fileID: 0}
--- !u!1 &7338156884699242225 stripped
GameObject:
  m_CorrespondingSourceObject: {fileID: 5752402691986457287, guid: f08325877266b24ddb9ec92729c5a844, type: 3}
  m_PrefabInstance: {fileID: 3027260127096822838}
  m_PrefabAsset: {fileID: 0}
--- !u!1001 &5149474654683727027
PrefabInstance:
  m_ObjectHideFlags: 0
  serializedVersion: 2
  m_Modification:
    m_TransformParent: {fileID: 4458390176842607489}
    m_Modifications:
    - target: {fileID: 1719705684561639351, guid: dd3733f443517c5118aa5dbc77f8da20, type: 3}
      propertyPath: m_Pivot.x
      value: 0.5
      objectReference: {fileID: 0}
    - target: {fileID: 1719705684561639351, guid: dd3733f443517c5118aa5dbc77f8da20, type: 3}
      propertyPath: m_Pivot.y
      value: 1
      objectReference: {fileID: 0}
    - target: {fileID: 1719705684561639351, guid: dd3733f443517c5118aa5dbc77f8da20, type: 3}
      propertyPath: m_RootOrder
      value: 1
      objectReference: {fileID: 0}
    - target: {fileID: 1719705684561639351, guid: dd3733f443517c5118aa5dbc77f8da20, type: 3}
      propertyPath: m_AnchorMax.x
      value: 0
      objectReference: {fileID: 0}
    - target: {fileID: 1719705684561639351, guid: dd3733f443517c5118aa5dbc77f8da20, type: 3}
      propertyPath: m_AnchorMax.y
      value: 0
      objectReference: {fileID: 0}
    - target: {fileID: 1719705684561639351, guid: dd3733f443517c5118aa5dbc77f8da20, type: 3}
      propertyPath: m_AnchorMin.x
      value: 0
      objectReference: {fileID: 0}
    - target: {fileID: 1719705684561639351, guid: dd3733f443517c5118aa5dbc77f8da20, type: 3}
      propertyPath: m_AnchorMin.y
      value: 0
      objectReference: {fileID: 0}
    - target: {fileID: 1719705684561639351, guid: dd3733f443517c5118aa5dbc77f8da20, type: 3}
      propertyPath: m_SizeDelta.x
      value: 0
      objectReference: {fileID: 0}
    - target: {fileID: 1719705684561639351, guid: dd3733f443517c5118aa5dbc77f8da20, type: 3}
      propertyPath: m_SizeDelta.y
      value: 0
      objectReference: {fileID: 0}
    - target: {fileID: 1719705684561639351, guid: dd3733f443517c5118aa5dbc77f8da20, type: 3}
      propertyPath: m_LocalPosition.x
      value: 0
      objectReference: {fileID: 0}
    - target: {fileID: 1719705684561639351, guid: dd3733f443517c5118aa5dbc77f8da20, type: 3}
      propertyPath: m_LocalPosition.y
      value: 0
      objectReference: {fileID: 0}
    - target: {fileID: 1719705684561639351, guid: dd3733f443517c5118aa5dbc77f8da20, type: 3}
      propertyPath: m_LocalPosition.z
      value: 0
      objectReference: {fileID: 0}
    - target: {fileID: 1719705684561639351, guid: dd3733f443517c5118aa5dbc77f8da20, type: 3}
      propertyPath: m_LocalRotation.w
      value: 1
      objectReference: {fileID: 0}
    - target: {fileID: 1719705684561639351, guid: dd3733f443517c5118aa5dbc77f8da20, type: 3}
      propertyPath: m_LocalRotation.x
      value: -0
      objectReference: {fileID: 0}
    - target: {fileID: 1719705684561639351, guid: dd3733f443517c5118aa5dbc77f8da20, type: 3}
      propertyPath: m_LocalRotation.y
      value: -0
      objectReference: {fileID: 0}
    - target: {fileID: 1719705684561639351, guid: dd3733f443517c5118aa5dbc77f8da20, type: 3}
      propertyPath: m_LocalRotation.z
      value: -0
      objectReference: {fileID: 0}
    - target: {fileID: 1719705684561639351, guid: dd3733f443517c5118aa5dbc77f8da20, type: 3}
      propertyPath: m_AnchoredPosition.x
      value: 0
      objectReference: {fileID: 0}
    - target: {fileID: 1719705684561639351, guid: dd3733f443517c5118aa5dbc77f8da20, type: 3}
      propertyPath: m_AnchoredPosition.y
      value: 0
      objectReference: {fileID: 0}
    - target: {fileID: 1719705684561639351, guid: dd3733f443517c5118aa5dbc77f8da20, type: 3}
      propertyPath: m_LocalEulerAnglesHint.x
      value: 0
      objectReference: {fileID: 0}
    - target: {fileID: 1719705684561639351, guid: dd3733f443517c5118aa5dbc77f8da20, type: 3}
      propertyPath: m_LocalEulerAnglesHint.y
      value: 0
      objectReference: {fileID: 0}
    - target: {fileID: 1719705684561639351, guid: dd3733f443517c5118aa5dbc77f8da20, type: 3}
      propertyPath: m_LocalEulerAnglesHint.z
      value: 0
      objectReference: {fileID: 0}
    - target: {fileID: 5010405178626793640, guid: dd3733f443517c5118aa5dbc77f8da20, type: 3}
      propertyPath: canvas
      value: 
      objectReference: {fileID: 0}
    - target: {fileID: 5010405178626793640, guid: dd3733f443517c5118aa5dbc77f8da20, type: 3}
      propertyPath: canvasRectTrs
      value: 
      objectReference: {fileID: 0}
    - target: {fileID: 5752402691986457287, guid: dd3733f443517c5118aa5dbc77f8da20, type: 3}
      propertyPath: m_Name
      value: Update Button
      objectReference: {fileID: 0}
    - target: {fileID: 9131846340162827108, guid: dd3733f443517c5118aa5dbc77f8da20, type: 3}
      propertyPath: m_OnClick.m_PersistentCalls.m_Calls.Array.size
      value: 1
      objectReference: {fileID: 0}
    - target: {fileID: 9131846340162827108, guid: dd3733f443517c5118aa5dbc77f8da20, type: 3}
      propertyPath: m_OnClick.m_PersistentCalls.m_Calls.Array.data[0].m_Mode
      value: 1
      objectReference: {fileID: 0}
    - target: {fileID: 9131846340162827108, guid: dd3733f443517c5118aa5dbc77f8da20, type: 3}
      propertyPath: m_OnClick.m_PersistentCalls.m_Calls.Array.data[0].m_Target
      value: 
      objectReference: {fileID: 3908911750998491372}
    - target: {fileID: 9131846340162827108, guid: dd3733f443517c5118aa5dbc77f8da20, type: 3}
      propertyPath: m_OnClick.m_PersistentCalls.m_Calls.Array.data[0].m_CallState
      value: 2
      objectReference: {fileID: 0}
    - target: {fileID: 9131846340162827108, guid: dd3733f443517c5118aa5dbc77f8da20, type: 3}
      propertyPath: m_OnClick.m_PersistentCalls.m_Calls.Array.data[0].m_MethodName
      value: SetImageDataFromData
      objectReference: {fileID: 0}
    - target: {fileID: 9131846340162827108, guid: dd3733f443517c5118aa5dbc77f8da20, type: 3}
      propertyPath: m_OnClick.m_PersistentCalls.m_Calls.Array.data[0].m_TargetAssemblyTypeName
      value: CardCreator.ImageField, Assembly-CSharp-firstpass
      objectReference: {fileID: 0}
    - target: {fileID: 9131846340162827108, guid: dd3733f443517c5118aa5dbc77f8da20, type: 3}
      propertyPath: m_OnClick.m_PersistentCalls.m_Calls.Array.data[0].m_Arguments.m_ObjectArgumentAssemblyTypeName
      value: UnityEngine.Object, UnityEngine
      objectReference: {fileID: 0}
    m_RemovedComponents: []
  m_SourcePrefab: {fileID: 100100000, guid: dd3733f443517c5118aa5dbc77f8da20, type: 3}
--- !u!224 &5812745100862239492 stripped
RectTransform:
  m_CorrespondingSourceObject: {fileID: 1719705684561639351, guid: dd3733f443517c5118aa5dbc77f8da20, type: 3}
  m_PrefabInstance: {fileID: 5149474654683727027}
  m_PrefabAsset: {fileID: 0}
--- !u!114 &215630846908883995 stripped
MonoBehaviour:
  m_CorrespondingSourceObject: {fileID: 5010405178626793640, guid: dd3733f443517c5118aa5dbc77f8da20, type: 3}
  m_PrefabInstance: {fileID: 5149474654683727027}
  m_PrefabAsset: {fileID: 0}
  m_GameObject: {fileID: 622121473055098484}
  m_Enabled: 1
  m_EditorHideFlags: 0
  m_Script: {fileID: 11500000, guid: 190dc38debf950af8b3987d9bddee56a, type: 3}
  m_Name: 
  m_EditorClassIdentifier: 
--- !u!1 &622121473055098484 stripped
GameObject:
  m_CorrespondingSourceObject: {fileID: 5752402691986457287, guid: dd3733f443517c5118aa5dbc77f8da20, type: 3}
  m_PrefabInstance: {fileID: 5149474654683727027}
  m_PrefabAsset: {fileID: 0}
--- !u!1001 &6069232126739925141
PrefabInstance:
  m_ObjectHideFlags: 0
  serializedVersion: 2
  m_Modification:
    m_TransformParent: {fileID: 5812745100862239492}
    m_Modifications:
    - target: {fileID: 5623966362624263924, guid: 5d6014442a2f23f4ca2a5fda3ee68b45, type: 3}
      propertyPath: m_Name
      value: Text
      objectReference: {fileID: 0}
    - target: {fileID: 5623966362624263926, guid: 5d6014442a2f23f4ca2a5fda3ee68b45, type: 3}
      propertyPath: m_text
      value: Update
      objectReference: {fileID: 0}
    - target: {fileID: 5623966362624263926, guid: 5d6014442a2f23f4ca2a5fda3ee68b45, type: 3}
      propertyPath: m_fontSize
      value: 28.45
      objectReference: {fileID: 0}
    - target: {fileID: 5623966362624263926, guid: 5d6014442a2f23f4ca2a5fda3ee68b45, type: 3}
      propertyPath: m_fontColor.b
      value: 0
      objectReference: {fileID: 0}
    - target: {fileID: 5623966362624263926, guid: 5d6014442a2f23f4ca2a5fda3ee68b45, type: 3}
      propertyPath: m_fontColor.g
      value: 0
      objectReference: {fileID: 0}
    - target: {fileID: 5623966362624263926, guid: 5d6014442a2f23f4ca2a5fda3ee68b45, type: 3}
      propertyPath: m_fontColor.r
      value: 0
      objectReference: {fileID: 0}
    - target: {fileID: 5623966362624263926, guid: 5d6014442a2f23f4ca2a5fda3ee68b45, type: 3}
      propertyPath: m_fontColor32.rgba
      value: 4278190080
      objectReference: {fileID: 0}
    - target: {fileID: 5623966362624263926, guid: 5d6014442a2f23f4ca2a5fda3ee68b45, type: 3}
      propertyPath: m_VerticalAlignment
      value: 512
      objectReference: {fileID: 0}
    - target: {fileID: 5623966362624263926, guid: 5d6014442a2f23f4ca2a5fda3ee68b45, type: 3}
      propertyPath: m_HorizontalAlignment
      value: 2
      objectReference: {fileID: 0}
    - target: {fileID: 5623966362624263927, guid: 5d6014442a2f23f4ca2a5fda3ee68b45, type: 3}
      propertyPath: m_Pivot.x
      value: 0.5
      objectReference: {fileID: 0}
    - target: {fileID: 5623966362624263927, guid: 5d6014442a2f23f4ca2a5fda3ee68b45, type: 3}
      propertyPath: m_Pivot.y
      value: 0.5
      objectReference: {fileID: 0}
    - target: {fileID: 5623966362624263927, guid: 5d6014442a2f23f4ca2a5fda3ee68b45, type: 3}
      propertyPath: m_RootOrder
      value: 0
      objectReference: {fileID: 0}
    - target: {fileID: 5623966362624263927, guid: 5d6014442a2f23f4ca2a5fda3ee68b45, type: 3}
      propertyPath: m_AnchorMax.x
      value: 1
      objectReference: {fileID: 0}
    - target: {fileID: 5623966362624263927, guid: 5d6014442a2f23f4ca2a5fda3ee68b45, type: 3}
      propertyPath: m_AnchorMax.y
      value: 1
      objectReference: {fileID: 0}
    - target: {fileID: 5623966362624263927, guid: 5d6014442a2f23f4ca2a5fda3ee68b45, type: 3}
      propertyPath: m_AnchorMin.x
      value: 0
      objectReference: {fileID: 0}
    - target: {fileID: 5623966362624263927, guid: 5d6014442a2f23f4ca2a5fda3ee68b45, type: 3}
      propertyPath: m_AnchorMin.y
      value: 0
      objectReference: {fileID: 0}
    - target: {fileID: 5623966362624263927, guid: 5d6014442a2f23f4ca2a5fda3ee68b45, type: 3}
      propertyPath: m_SizeDelta.x
      value: -8
      objectReference: {fileID: 0}
    - target: {fileID: 5623966362624263927, guid: 5d6014442a2f23f4ca2a5fda3ee68b45, type: 3}
      propertyPath: m_SizeDelta.y
      value: -8
      objectReference: {fileID: 0}
    - target: {fileID: 5623966362624263927, guid: 5d6014442a2f23f4ca2a5fda3ee68b45, type: 3}
      propertyPath: m_LocalPosition.x
      value: 0
      objectReference: {fileID: 0}
    - target: {fileID: 5623966362624263927, guid: 5d6014442a2f23f4ca2a5fda3ee68b45, type: 3}
      propertyPath: m_LocalPosition.y
      value: 0
      objectReference: {fileID: 0}
    - target: {fileID: 5623966362624263927, guid: 5d6014442a2f23f4ca2a5fda3ee68b45, type: 3}
      propertyPath: m_LocalPosition.z
      value: 0
      objectReference: {fileID: 0}
    - target: {fileID: 5623966362624263927, guid: 5d6014442a2f23f4ca2a5fda3ee68b45, type: 3}
      propertyPath: m_LocalRotation.w
      value: 1
      objectReference: {fileID: 0}
    - target: {fileID: 5623966362624263927, guid: 5d6014442a2f23f4ca2a5fda3ee68b45, type: 3}
      propertyPath: m_LocalRotation.x
      value: 0
      objectReference: {fileID: 0}
    - target: {fileID: 5623966362624263927, guid: 5d6014442a2f23f4ca2a5fda3ee68b45, type: 3}
      propertyPath: m_LocalRotation.y
      value: 0
      objectReference: {fileID: 0}
    - target: {fileID: 5623966362624263927, guid: 5d6014442a2f23f4ca2a5fda3ee68b45, type: 3}
      propertyPath: m_LocalRotation.z
      value: 0
      objectReference: {fileID: 0}
    - target: {fileID: 5623966362624263927, guid: 5d6014442a2f23f4ca2a5fda3ee68b45, type: 3}
      propertyPath: m_AnchoredPosition.x
      value: 0
      objectReference: {fileID: 0}
    - target: {fileID: 5623966362624263927, guid: 5d6014442a2f23f4ca2a5fda3ee68b45, type: 3}
      propertyPath: m_AnchoredPosition.y
      value: 0
      objectReference: {fileID: 0}
    - target: {fileID: 5623966362624263927, guid: 5d6014442a2f23f4ca2a5fda3ee68b45, type: 3}
      propertyPath: m_LocalEulerAnglesHint.x
      value: 0
      objectReference: {fileID: 0}
    - target: {fileID: 5623966362624263927, guid: 5d6014442a2f23f4ca2a5fda3ee68b45, type: 3}
      propertyPath: m_LocalEulerAnglesHint.y
      value: 0
      objectReference: {fileID: 0}
    - target: {fileID: 5623966362624263927, guid: 5d6014442a2f23f4ca2a5fda3ee68b45, type: 3}
      propertyPath: m_LocalEulerAnglesHint.z
      value: 0
      objectReference: {fileID: 0}
    m_RemovedComponents: []
  m_SourcePrefab: {fileID: 100100000, guid: 5d6014442a2f23f4ca2a5fda3ee68b45, type: 3}
